@article{hg:1,
author = {Zakaria, E and Iksan, Z},
title = {Promoting Cooperative Learning in Science and Mathematics Education: A Malaysian Perspective},
journal = {EURASIA Journal of Mathematics Science, and Technology Education},
year = 2007,
volume = {3},
}

@misc{hg:2,
  author = {WACE},
  title = {{World Association for Cooperative Education} Global Instituational Partners},
  howpublished = {\url{http://www.waceinc.org/institutional/partners.html}},
  note = {Accessed: 2017-11-20}
}


@article{hg:3,
author = {Coll, R and Chapman, R},
title = {Evaluating Service Quality for Cooperative Education Programs},
journal = {Asia Pacific Journal of Cooperative Education},
year = 2000,
volume = {1},
}

@CONFERENCE{hg:4,
author = {Husain, M and Mokhtar, S and Ahmad, A and Mustapha, R}
title = {Importance of Employability Skills from Employers' Perspective}
booktitle = {International Conference on Learner Diversity}
year = 2010
 }
 
@report{hg:5,
author = {Coll, R and Zegwaard. K and Hodges, D},
title = {Science and Technology Stakeholders'Ranking of Graduate Competencies: Part 1: Employer Perspective},
institution = {The University of Waikato and UNITEC Institute of Technology},
year = {2002}}

@report{hg:6,
author = {Saul, G and Santelicies, M. V.},
title = {Validity of High-School Grades in Predicting Student Success beyond the Freshman Year: High-School Record vs. Standardized Tests as Indicators of Four-Year College Outcomes.},
institution = {University of California, Berkeley},
year = {2007}}

@report{hg:7,
author = {Noble, J and Sawyer, R},
title = {Predicting Different Levels of Academic Success in College Using High School GPA and ACT Composite Score. ACT Research Report Series},
institution = {ACT},
year = {2002}}

@article{hg:8,
author = {Osmanbegović, E and Suljić, M},
title = {Data Mining Approach for Predicting Student Performance},
journal = {Economic Review - Journal of Economics and Business},
year = 2012,
volume = {10},
}

@CONFERENCE{hg:9,
author = {Toulis, A and Golab, L}
title = {Graph Mining to Characterize Competition for Employment}
booktitle = {International Workshop on Network Data Analytics}
year = 2017
 }
 
@CONFERENCE{hg:10,
author = {Jiang, Y and Golab, L}
title = {On Competition for Undergraduate Co-op Placements: A Graph Mining Approach}
booktitle = {Proceedings for the 9th International Conference on Educational Data Mining}
year = 2016
 }
 
@misc{hg:11,
  author = {Bakharia, Aneesha},
  title = {Recursive Feature Elimination with Scikit Learn},
  howpublished = {\url{https://medium.com/@aneesha/recursive-feature-elimination-with-scikit-learn-3a2cbdf23fb7}},
  note = {Accessed: 2017-11-20}
}